
@misc {OverleafBibliographyManagement,
   url = {https://www.overleaf.com/learn/latex/Bibliography_management_with_bibtex},
   year = {2025},
   title = {Bibliography Management with bibtex},
   author = {Overleaf},
   note = {accessed 2025-02-11},
}

@misc {WikipediaBibtex,
   url = {https://en.wikipedia.org/wiki/BibTeX},
   year = {2025},
   title = {BibTeX},
   author = {Wikipedia},
   note = {accessed 2025-02-11},
}




@article {Aryal2024,
   title     = {A Survey on Adversarial Attacks for Malware Analysis} ,
   author    = {Aryal, Kshitiz and Gupta, Maanak and Abdelsalam, Mahmoud and Kunwar, Pradip and Thuraisingham, Bhavani},
   year      = {2024},
   month     = {December},
   journal   = {IEEE},
   volume    = {13},
   pages     = {428--459},
}


@inproceedings{Shahpas2019,
  author    = {Shahpasand, Maryam and Hamey, Len and Vatsalan, Dinusha and Xue, Minhui},
  title     = {Adversarial Attacks on Mobile Malware Detection},
  booktitle = {2019 IEEE 1st International Workshop on Artificial Intelligence for Mobile (AI4Mobile)},
  year      = {2019},
  publisher = {IEEE},
  address   = {Hangzhou, China},
  doi       = {10.1109/AI4Mobile.2019.8672711},
}

@phdthesis{Zhong2021,
  title        = {Practical Adversarial Malware Example Attacks and Defenses},
  author       = {Fangtian Zhong},
  year         = 2021,
  month        = {August},
  address      = {Washington, DC},
  note         = {Available at \url{ https://scholarspace.library.gwu.edu/etd/5712m7466}},
  school       = {The School of Engineering and Applied Science
of The George Washington University},

}

@online{Sciforce2022,
  title        = {Adversarial Attacks Explained (And How to Defend ML Models Against Them)},
  author       = {Sciforce},
  year         = 2022,
url = {https://medium.com/sciforce/adversarial-attacks-explained-and-how-to-defend-ml-models-against-them-d76f7d013b18},
urldate = {2025-03-01}
  
}

@book{Sotiropoulos2024,
  author = {John Sotiropoulos},
  year = {2024},
  title = {Adversarial AI Attacks, Mitigations, and Defense Strategies: A cybersecurity professional's guide to AI attacks, threat modeling, and securing AI with MLSecOps},
  publisher = {Packt},
  address = {Birmingham, United Kingdom},
}

@inbook{SotiropoulosCH2024,
  author  = {John Sotiropoulos},
  title   = {Adversarial AI Attacks, Mitigations, and Defense Strategies: A cybersecurity professional's guide to AI attacks, threat modeling, and securing AI with MLSecOps},
  chapter = {Getting Started with AI},
  pages   = {10-50},
  year    = {2024},
  publisher = {packt},
  address   = {Birmingham, United Kingdom},
}

@online{Orchard2021,
        title = {Adversarial Attacks},
        year = {2021},
        organization = {Youtube},
        author = {Jeff Orchard},
        url = {https://www.youtube.com/watch?v=-9qWi4rPkdE},
    }

@misc {TextAttack2021,
   url = {https://textattack.readthedocs.io/en/latest/api/attack.html},
   year = {2021},
   title = {Attack API Reference},
   author = {TextAttack},
   note = {accessed 2025-03-01},
}
